@article{Coquand1996,
  title = {An algorithm for type-checking dependent types},
  volume = {26},
  ISSN = {0167-6423},
  url = {http://dx.doi.org/10.1016/0167-6423(95)00021-6},
  DOI = {10.1016/0167-6423(95)00021-6},
  number = {1–3},
  journal = {Science of Computer Programming},
  publisher = {Elsevier BV},
  author = {Coquand, Thierry},
  year = {1996},
  month = may,
  pages = {167–177}
}
@misc{kovacs,
  title={NbEUnitEta.hs},
  url={https://gist.github.com/AndrasKovacs/f268c0311437f7a8759d5bac57495f8b},
  author={Kovacs, Andras},
  year= {2024}
} 
@article{Dunfield2021,
  title = {Bidirectional Typing},
  volume = {54},
  ISSN = {1557-7341},
  url = {http://dx.doi.org/10.1145/3450952},
  DOI = {10.1145/3450952},
  number = {5},
  journal = {ACM Computing Surveys},
  publisher = {Association for Computing Machinery (ACM)},
  author = {Dunfield,  Jana and Krishnaswami,  Neel},
  year = {2021},
  month = may,
  pages = {1–38}
}
@article{Dijkstra1988,
  title = {On the Cruelty of Really Teaching Computer Science},
  author = {E. W. Dijkstra},
  year = {1988},
  url = {https://www.cs.utexas.edu/~EWD/ewd10xx/EWD1036.PDF}
}
@BOOK{Nordstrom1990,
  title     = "Programming in {Martin-L{\"o}f's} type theory : an introduction",
  author    = "Nordstrom, Bengt and Petersson, Kent and Smith, Jan M.",
  publisher = "Clarendon Press",
  series    = "International Series of Monographs on Computer Science",
  month     =  jun,
  year      =  1990,
  address   = "Oxford, England",
  language  = "en"
}
@article{Barendregt2005,
  title = {The challenge of computer mathematics},
  volume = {363},
  ISSN = {1471-2962},
  url = {http://dx.doi.org/10.1098/rsta.2005.1650},
  DOI = {10.1098/rsta.2005.1650},
  number = {1835},
  journal = {Philosophical Transactions of the Royal Society A: Mathematical,  Physical and Engineering Sciences},
  publisher = {The Royal Society},
  author = {Barendregt,  Henk and Wiedijk,  Freek},
  year = {2005},
  month = sep,
  pages = {2351–2375}
}
@inproceedings{Geuvers2008,
  title={A Logical Framework with Explicit Conversions},
  author={Herman Geuvers and Freek Wiedijk},
  booktitle={LFM@IJCAR},
  year={2008},
  url={https://api.semanticscholar.org/CorpusID:1689378}
}
@phdthesis{Abel2013,
    type = {Habilitation thesis},
    title = {Normalization by {Evaluation}: {Dependent} {Types} and {Impredicativity}},
    url = {http://www.cse.chalmers.se/~abela/habil.pdf},
    school = {Ludwig-Maximilians-Universität München},
    author = {Abel, Andreas},
    year = {2013}
}
@inproceedings{Altenkirch2016,
  title={Normalisation by Evaluation for Dependent Types},
  author={Thorsten Altenkirch and Ambrus Kaposi},
  booktitle={International Conference on Formal Structures for Computation and Deduction},
  year={2016},
  url={https://api.semanticscholar.org/CorpusID:4267649}
}
@inproceedings{Grgoire2002,
  title={A compiled implementation of strong reduction},
  author={Benjamin Gr{\'e}goire and Xavier Leroy},
  booktitle={ACM SIGPLAN International Conference on Functional Programming},
  year={2002},
  url={https://api.semanticscholar.org/CorpusID:5887840}
}
@inproceedings{Chapman2005,
  title={Epigram reloaded: a standalone typechecker for ETT},
  author={James Chapman and Thorsten Altenkirch and Conor McBride},
  booktitle={Symposium on Trends in Functional Programming},
  year={2005},
  url={https://api.semanticscholar.org/CorpusID:26209257}
}
@inproceedings{Ahman2013,
  title={Normalization by Evaluation and Algebraic Effects},
  author={Danel Ahman and Sam Staton},
  booktitle={Mathematical Foundations of Programming Semantics},
  year={2013},
  url={https://api.semanticscholar.org/CorpusID:2940894}
}
@article{Altenkirch2007,
  title={Observational equality, now!},
  author={Thorsten Altenkirch and Conor McBride and Wouter Swierstra},
  journal={Proceedings of the 2007 workshop on Programming languages meets program verification},
  year={2007},
  url={https://api.semanticscholar.org/CorpusID:4231870}
}
@unpublished{Berger2019,
  title={Performance Matters},
  author={Emery Berger},
  year={2019},
  note={Strange Loop},
  url={https://www.youtube.com/watch?v=r-TLSBdHe1A},
}
@article{MartinLof1975,
  title={About Models for Intuitionistic Type Theories and the Notion of Definitional Equality},
  author={Per Martin-L{\"o}f},
  journal={Studies in logic and the foundations of mathematics},
  year={1975},
  volume={82},
  pages={81-109},
  url={https://api.semanticscholar.org/CorpusID:117074833}
}
@article{Lehr1992SixteenSO,
  title={Sixteen S-squared over D-squared: a relation for crude sample size estimates.},
  author={Robert G. Lehr},
  journal={Statistics in medicine},
  year={1992},
  volume={11 8},
  pages={
          1099-102
        },
  url={https://doi.org/10.1002/sim.4780110811}
}
@article{Welch1947,
  title={The generalisation of student's problems when several different population variances are involved.},
  author={B. L. Welch},
  journal={Biometrika},
  year={1947},
  volume={34 1-2},
  pages={
          28-35
        },
  url={https://doi.org/10.1093/biomet/34.1-2.28}
}
@article{Faul2009,
  title={Statistical power analyses using G*Power 3.1: Tests for correlation and regression analyses},
  author={Franz Faul and Edgar Erdfelder and Axel Buchner and Albert-Georg Lang},
  journal={Behavior Research Methods},
  year={2009},
  volume={41},
  pages={1149-1160},
  url={https://doi.org/10.3758/BRM.41.4.1149}
}
@inproceedings{altenkirch2010,
  title={PiSigma: Dependent Types without the Sugar},
  author={Thorsten Altenkirch and Nils Anders Danielsson and Andres L{\"o}h and Nicolas Oury},
  booktitle={Fuji International Symposium on Functional and Logic Programming},
  year={2010},
  url={https://doi.org/10.1007/978-3-642-12251-4_5}
}
@article{dunfield2019,
  title={Bidirectional Typing},
  author={Jana Dunfield and Neelakantan R. Krishnaswami},
  journal={ACM Computing Surveys (CSUR)},
  year={2019},
  volume={54},
  pages={1 - 38},
  url={https://api.semanticscholar.org/CorpusID:201058734}
}
